<record><leader>00000cas a2200000 i 4500</leader><controlfield tag="001">13881613</controlfield><controlfield tag="008">860717d18231827vtuwr ne      0    0eng  </controlfield><datafield ind1=" " ind2=" " tag="010"><subfield code="a">sn 86071713 </subfield></datafield><datafield ind1=" " ind2=" " tag="040"><subfield code="a">DLC</subfield><subfield code="b">eng</subfield><subfield code="e">rda</subfield><subfield code="c">DLC</subfield><subfield code="d">MGN</subfield><subfield code="d">NVN</subfield><subfield code="d">OCL</subfield><subfield code="d">CVF</subfield><subfield code="d">OCLCO</subfield><subfield code="d">OCLCQ</subfield><subfield code="d">OCLCF</subfield><subfield code="d">IUL</subfield><subfield code="d">OCL</subfield></datafield><datafield ind1=" " ind2=" " tag="042"><subfield code="a">pcc</subfield></datafield><datafield ind1=" " ind2=" " tag="043"><subfield code="a">n-us-vt</subfield></datafield><datafield ind1="0" ind2="0" tag="050"><subfield code="a">Newspaper 9952-X</subfield></datafield><datafield ind1="0" ind2=" " tag="130"><subfield code="a">Spooner's Vermont journal (Windsor, Vt. : 1823)</subfield></datafield><datafield ind1="1" ind2="0" tag="245"><subfield code="a">Spooner's Vermont journal.</subfield></datafield><datafield ind1="1" ind2="3" tag="246"><subfield code="a">Vermont journal</subfield></datafield><datafield ind1=" " ind2="1" tag="264"><subfield code="a">Windsor, Vt. :</subfield><subfield code="b">Wyman Spooner,</subfield><subfield code="c">1823-</subfield></datafield><datafield ind1=" " ind2=" " tag="300"><subfield code="a">volumes :</subfield><subfield code="b">illustrations (chiefly advertisements) ;</subfield><subfield code="c">51 cm</subfield></datafield><datafield ind1=" " ind2=" " tag="310"><subfield code="a">Weekly</subfield></datafield><datafield ind1=" " ind2=" " tag="336"><subfield code="a">text</subfield><subfield code="b">txt</subfield><subfield code="2">rdacontent</subfield></datafield><datafield ind1=" " ind2=" " tag="337"><subfield code="a">unmediated</subfield><subfield code="b">n</subfield><subfield code="2">rdamedia</subfield></datafield><datafield ind1=" " ind2=" " tag="338"><subfield code="a">volume</subfield><subfield code="b">nc</subfield><subfield code="2">rdacarrier</subfield></datafield><datafield ind1="0" ind2=" " tag="362"><subfield code="a">Vol. XL, no. 2063 (February 17, 1823)-</subfield></datafield><datafield ind1="1" ind2=" " tag="362"><subfield code="a">Ceased Feb. 3, 1827.</subfield></datafield><datafield ind1=" " ind2=" " tag="500"><subfield code="a">"Spooner's" appeared in title ornament.</subfield></datafield><datafield ind1=" " ind2=" " tag="500"><subfield code="a">Published by: Alden Spooner, August 12, 1826-</subfield></datafield><datafield ind1=" " ind2=" " tag="515"><subfield code="a">Vol. XLIV, no. 2256 has date hand written on masthead.</subfield></datafield><datafield ind1=" " ind2=" " tag="588"><subfield code="a">Latest issue consulted: Vol. XLIV, no. 2256 (Nov. 4, 1826); America's Historical Newspapers (viewed September 14, 2017).</subfield></datafield><datafield ind1=" " ind2="0" tag="651"><subfield code="a">Windsor (Vt.)</subfield><subfield code="v">Newspapers.</subfield></datafield><datafield ind1=" " ind2="0" tag="651"><subfield code="a">Windsor County (Vt.)</subfield><subfield code="v">Newspapers.</subfield></datafield><datafield ind1=" " ind2="7" tag="651"><subfield code="a">Vermont</subfield><subfield code="z">Windsor County.</subfield><subfield code="2">fast</subfield><subfield code="0">(OCoLC)fst01215300</subfield></datafield><datafield ind1=" " ind2="7" tag="651"><subfield code="a">Vermont</subfield><subfield code="z">Windsor.</subfield><subfield code="2">fast</subfield><subfield code="0">(OCoLC)fst01214456</subfield></datafield><datafield ind1=" " ind2="7" tag="655"><subfield code="a">Newspapers.</subfield><subfield code="2">fast</subfield><subfield code="0">(OCoLC)fst01423814</subfield></datafield><datafield ind1=" " ind2=" " tag="752"><subfield code="a">United States</subfield><subfield code="b">Vermont</subfield><subfield code="c">Windsor</subfield><subfield code="d">Windsor.</subfield></datafield><datafield ind1="0" ind2="0" tag="780"><subfield code="t">Vermont journal (Windsor, Vt. : 1818)</subfield><subfield code="w">(DLC)sn 83025676</subfield><subfield code="w">(OCoLC)9736780</subfield></datafield><datafield ind1="0" ind2="0" tag="785"><subfield code="t">Vermont journal (Windsor, Vt. : 1827)</subfield><subfield code="w">(DLC)sn 86071714</subfield><subfield code="w">(OCoLC)13881643</subfield></datafield><datafield ind1="4" ind2="1" tag="856"><subfield code="u">http://infoweb.newsbank.com/?db=EANX&amp;s_browseRef=decades/1101187175DBBC28/all.xml</subfield></datafield><datafield ind1="1" ind2=" " tag="029"><subfield code="a">AU@</subfield><subfield code="b">000020128131</subfield></datafield></record>